%YAML 1.1
%TAG !u! tag:unity3d.com,2011:
--- !u!1 &4514638386695794382
GameObject:
  m_ObjectHideFlags: 0
  m_CorrespondingSourceObject: {fileID: 0}
  m_PrefabInstance: {fileID: 0}
  m_PrefabAsset: {fileID: 0}
  serializedVersion: 6
  m_Component:
  - component: {fileID: 4514638386695794369}
  - component: {fileID: 4514638386695794368}
  - component: {fileID: 4514638386695794383}
  - component: {fileID: 4514638386695794370}
  - component: {fileID: 4514638386695794371}
  m_Layer: 0
  m_Name: DefaultAsteroid
  m_TagString: Untagged
  m_Icon: {fileID: 0}
  m_NavMeshLayer: 0
  m_StaticEditorFlags: 0
  m_IsActive: 1
--- !u!4 &4514638386695794369
Transform:
  m_ObjectHideFlags: 0
  m_CorrespondingSourceObject: {fileID: 0}
  m_PrefabInstance: {fileID: 0}
  m_PrefabAsset: {fileID: 0}
  m_GameObject: {fileID: 4514638386695794382}
  m_LocalRotation: {x: 0, y: 0, z: 0, w: 1}
  m_LocalPosition: {x: -1.8, y: -31.5, z: 0}
  m_LocalScale: {x: 1, y: 1, z: 1}
  m_ConstrainProportionsScale: 0
  m_Children: []
  m_Father: {fileID: 0}
  m_RootOrder: 6
  m_LocalEulerAnglesHint: {x: 0, y: 0, z: 0}
--- !u!1971053207 &4514638386695794368
SpriteShapeRenderer:
  m_ObjectHideFlags: 0
  m_CorrespondingSourceObject: {fileID: 0}
  m_PrefabInstance: {fileID: 0}
  m_PrefabAsset: {fileID: 0}
  m_GameObject: {fileID: 4514638386695794382}
  m_Enabled: 1
  m_CastShadows: 1
  m_ReceiveShadows: 1
  m_DynamicOccludee: 0
  m_StaticShadowCaster: 0
  m_MotionVectors: 1
  m_LightProbeUsage: 1
  m_ReflectionProbeUsage: 1
  m_RayTracingMode: 0
  m_RayTraceProcedural: 0
  m_RenderingLayerMask: 1
  m_RendererPriority: 0
  m_Materials:
  - {fileID: 2100000, guid: a97c105638bdf8b4a8650670310a4cd3, type: 2}
  - {fileID: 2100000, guid: a97c105638bdf8b4a8650670310a4cd3, type: 2}
  m_StaticBatchInfo:
    firstSubMesh: 0
    subMeshCount: 0
  m_StaticBatchRoot: {fileID: 0}
  m_ProbeAnchor: {fileID: 0}
  m_LightProbeVolumeOverride: {fileID: 0}
  m_ScaleInLightmap: 1
  m_ReceiveGI: 1
  m_PreserveUVs: 0
  m_IgnoreNormalsForChartDetection: 0
  m_ImportantGI: 0
  m_StitchLightmapSeams: 1
  m_SelectedEditorRenderState: 0
  m_MinimumChartSize: 4
  m_AutoUVMaxDistance: 0.5
  m_AutoUVMaxAngle: 89
  m_LightmapParameters: {fileID: 0}
  m_SortingLayerID: 0
  m_SortingLayer: 0
  m_SortingOrder: 0
  m_Color: {r: 0.18431373, g: 0.17254902, b: 0.14901961, a: 1}
  m_MaskInteraction: 0
  m_ShapeTexture: {fileID: 2800000, guid: b281b91a70a624a0da1c43adc1c30c7b, type: 3}
  m_Sprites:
  - {fileID: 21300000, guid: 0ae2b74b1edd14bb18dd7b65ae916a54, type: 3}
  - {fileID: 21300000, guid: 608e61deb05c54660bebf5a4dd2ee02d, type: 3}
  - {fileID: 21300000, guid: 608e61deb05c54660bebf5a4dd2ee02d, type: 3}
  - {fileID: 21300000, guid: 608e61deb05c54660bebf5a4dd2ee02d, type: 3}
  - {fileID: 21300000, guid: 608e61deb05c54660bebf5a4dd2ee02d, type: 3}
  - {fileID: 21300000, guid: 608e61deb05c54660bebf5a4dd2ee02d, type: 3}
  - {fileID: 21300000, guid: 608e61deb05c54660bebf5a4dd2ee02d, type: 3}
  - {fileID: 21300000, guid: 608e61deb05c54660bebf5a4dd2ee02d, type: 3}
  - {fileID: 21300000, guid: 608e61deb05c54660bebf5a4dd2ee02d, type: 3}
  m_LocalAABB:
    m_Center: {x: 1.7131042, y: 3.6072311, z: 0}
    m_Extent: {x: 53.616867, y: 55.545788, z: 0}
  m_SpriteSortPoint: 0
--- !u!114 &4514638386695794383
MonoBehaviour:
  m_ObjectHideFlags: 0
  m_CorrespondingSourceObject: {fileID: 0}
  m_PrefabInstance: {fileID: 0}
  m_PrefabAsset: {fileID: 0}
  m_GameObject: {fileID: 4514638386695794382}
  m_Enabled: 1
  m_EditorHideFlags: 0
  m_Script: {fileID: 11500000, guid: 90539df1cd5704abcb25fec9f3f5f84b, type: 3}
  m_Name: 
  m_EditorClassIdentifier: 
  m_Spline:
    m_IsOpenEnded: 0
    m_ControlPoints:
    - position: {x: -27.501064, y: -34.88108, z: 0}
      leftTangent: {x: 4.1985283, y: -2.675293, z: 0}
      rightTangent: {x: -12.108501, y: 7.7155, z: 0}
      mode: 1
      height: 1
      spriteIndex: 0
      corner: 1
      m_CornerMode: 1
    - position: {x: -49.53456, y: -11.812729, z: 0}
      leftTangent: {x: -1.0023346, y: 0.0010566711, z: 0}
      rightTangent: {x: 0.34983826, y: -0.00037002563, z: 0}
      mode: 1
      height: 1
      spriteIndex: 0
      corner: 1
      m_CornerMode: 1
    - position: {x: -46.74144, y: 28.592403, z: 0}
      leftTangent: {x: -9.602631, y: -12.263706, z: 0}
      rightTangent: {x: 8.375938, y: 10.697819, z: 0}
      mode: 1
      height: 1
      spriteIndex: 0
      corner: 1
      m_CornerMode: 1
    - position: {x: -20.46706, y: 58.911865, z: 0}
      leftTangent: {x: -11.788208, y: -7.3130035, z: 0}
      rightTangent: {x: 7.2357874, y: 4.4888763, z: 0}
      mode: 1
      height: 1
      spriteIndex: 0
      corner: 1
      m_CornerMode: 1
    - position: {x: 15.106065, y: 35.086212, z: 0}
      leftTangent: {x: -12.092813, y: 11.056, z: 0}
      rightTangent: {x: 4.1966066, y: -3.8367271, z: 0}
      mode: 1
      height: 1
      spriteIndex: 0
      corner: 1
      m_CornerMode: 1
    - position: {x: 41.608624, y: 39.90659, z: 0}
      leftTangent: {x: -1.9670715, y: 5.4670525, z: 0}
      rightTangent: {x: 2.8774452, y: -7.997034, z: 0}
      mode: 1
      height: 1
      spriteIndex: 0
      corner: 1
      m_CornerMode: 1
    - position: {x: 55.082867, y: -11.282051, z: 0}
      leftTangent: {x: 2.3890877, y: 22.444328, z: 0}
      rightTangent: {x: -2.5918694, y: -24.349365, z: 0}
      mode: 1
      height: 1
      spriteIndex: 0
      corner: 1
      m_CornerMode: 1
    - position: {x: 29.435772, y: -32.602203, z: 0}
      leftTangent: {x: 7.604149, y: 6.2832184, z: 0}
      rightTangent: {x: -7.3007965, y: -6.0344315, z: 0}
      mode: 1
      height: 1
      spriteIndex: 0
      corner: 1
      m_CornerMode: 1
    - position: {x: 16.538328, y: -47.094963, z: 0}
      leftTangent: {x: 12.754406, y: 11.241211, z: 0}
      rightTangent: {x: -18.298359, y: -16.127419, z: 0}
      mode: 1
      height: 1
      spriteIndex: 0
      corner: 1
      m_CornerMode: 1
  m_SpriteShape: {fileID: 11400000, guid: f24cddf7c09a6442abbce710a6fd7397, type: 2}
  m_FillPixelPerUnit: 256
  m_StretchTiling: 1
  m_SplineDetail: 4
  m_AdaptiveUV: 1
  m_StretchUV: 0
  m_WorldSpaceUV: 0
  m_CornerAngleThreshold: 28.8
  m_ColliderDetail: 4
  m_ColliderOffset: 0.5
  m_UpdateCollider: 1
  m_OptimizeCollider: 1
  m_OptimizeGeometry: 1
  m_EnableTangents: 0
  m_GeometryCached: 0
  m_UTess2D: 0
  m_Creator: {fileID: 0}
  m_Modifiers: []
--- !u!60 &4514638386695794370
PolygonCollider2D:
  m_ObjectHideFlags: 0
  m_CorrespondingSourceObject: {fileID: 0}
  m_PrefabInstance: {fileID: 0}
  m_PrefabAsset: {fileID: 0}
  m_GameObject: {fileID: 4514638386695794382}
  m_Enabled: 1
  m_Density: 1
  m_Material: {fileID: 0}
  m_IsTrigger: 0
  m_UsedByEffector: 0
  m_UsedByComposite: 0
  m_Offset: {x: 0, y: 0}
  m_SpriteTilingProperty:
    border: {x: 0, y: 0, z: 0, w: 0}
    pivot: {x: 0, y: 0}
    oldSize: {x: 0, y: 0}
    newSize: {x: 0, y: 0}
    adaptiveTilingThreshold: 0
    drawMode: 0
    adaptiveTiling: 0
  m_AutoTiling: 0
  m_Points:
    m_Paths:
    - - {x: -27.63541, y: -35.09191}
      - {x: -38.992714, y: -25.649616}
      - {x: -47.160614, y: -16.225445}
      - {x: -49.76925, y: -11.89888}
      - {x: -51.037437, y: -4.0892344}
      - {x: -51.89379, y: 12.429394}
      - {x: -51.81328, y: 13.003532}
      - {x: -47.095013, y: 28.29456}
      - {x: -46.879295, y: 28.828773}
      - {x: -39.026974, y: 39.731865}
      - {x: -30.838116, y: 50.350475}
      - {x: -20.80156, y: 58.95439}
      - {x: -20.532974, y: 59.153015}
      - {x: -10.797728, y: 57.45514}
      - {x: -10.614128, y: 57.41518}
      - {x: 2.2789783, y: 47.36477}
      - {x: 15.17202, y: 35.366356}
      - {x: 23.33857, y: 36.0879}
      - {x: 34.537987, y: 40.402588}
      - {x: 34.75612, y: 40.480865}
      - {x: 41.12154, y: 40.180286}
      - {x: 41.749058, y: 40.11342}
      - {x: 47.143707, y: 28.162014}
      - {x: 53.374588, y: 10.696474}
      - {x: 53.54396, y: 10.159602}
      - {x: 55.29113, y: -10.770815}
      - {x: 55.31128, y: -11.38398}
      - {x: 49.2572, y: -26.196991}
      - {x: 49.143078, y: -26.41698}
      - {x: 38.965992, y: -29.930923}
      - {x: 29.690905, y: -32.785263}
      - {x: 29.402924, y: -32.999153}
      - {x: 25.882736, y: -36.69185}
      - {x: 24.127869, y: -39.8331}
      - {x: 16.851322, y: -47.13514}
      - {x: 16.661333, y: -47.312614}
      - {x: -1.6639048, y: -51.84569}
      - {x: -2.1111436, y: -51.938557}
      - {x: -18.108534, y: -43.201393}
      - {x: -18.570797, y: -42.90323}
      - {x: -27.285374, y: -35.3968}
      - {x: -27.63541, y: -35.09191}
  m_UseDelaunayMesh: 0
--- !u!114 &4514638386695794371
MonoBehaviour:
  m_ObjectHideFlags: 0
  m_CorrespondingSourceObject: {fileID: 0}
  m_PrefabInstance: {fileID: 0}
  m_PrefabAsset: {fileID: 0}
  m_GameObject: {fileID: 4514638386695794382}
  m_Enabled: 1
  m_EditorHideFlags: 0
  m_Script: {fileID: 11500000, guid: 98d1d1d45749a8946bc58e8c6199af6b, type: 3}
  m_Name: 
  m_EditorClassIdentifier: 
  mass: 6537
  friction: 0.1
